@article{merkel2014docker,
  title={Docker: lightweight linux containers for consistent development and deployment},
  author={Merkel, Dirk},
  journal={Linux Journal},
  volume={2014},
  number={239},
  pages={2},
  year={2014},
  publisher={Belltown Media}
}

@inproceedings{hindman2011mesos,
  title={Mesos: A Platform for Fine-Grained Resource Sharing in the Data Center.},
  author={Hindman, Benjamin and Konwinski, Andy and Zaharia, Matei and Ghodsi, Ali and Joseph, Anthony D and Katz, Randy H and Shenker, Scott and Stoica, Ion},
  booktitle={NSDI},
  volume={11},
  pages={22--22},
  year={2011}
}

@article{povey2011kaldi,
  title={The Kaldi speech recognition toolkit},
  author={Povey, Daniel and Ghoshal, Arnab and Boulianne, Gilles and Burget, Luk{\'a}{\v{s}} and Glembek, Ond{\v{r}}ej and Goel, Nagendra and Hannemann, Mirko and Motl{\'\i}{\v{c}}ek, Petr and Qian, Yanmin and Schwarz, Petr and others},
  year={2011}
}

@inproceedings{platek2014free,
  title={Free on-line speech recogniser based on Kaldi ASR toolkit producing word posterior lattices},
  author={Pl{\'a}tek, Ondrej and Jurc{\i}cek, Filip},
  booktitle={15th Annual Meeting of the Special Interest Group on Discourse and Dialogue},
  pages={108},
  year={2014}
}

@inproceedings{bergstra2010theano,
  title={Theano: A CPU and GPU math compiler in Python},
  author={Bergstra, James and Breuleux, Olivier and Bastien, Fr{\'e}d{\'e}ric and Lamblin, Pascal and Pascanu, Razvan and Desjardins, Guillaume and Turian, Joseph and Warde-Farley, David and Bengio, Yoshua},
  booktitle={Proc. 9th Python in Science Conf},
  pages={1--7},
  year={2010}
}

@article{hewitt1977viewing,
  title={Viewing control structures as patterns of passing messages},
  author={Hewitt, Carl},
  journal={Artificial intelligence},
  volume={8},
  number={3},
  pages={323--364},
  year={1977},
  publisher={Elsevier}
}

@misc{fowler2004inversion,
  title={Inversion of control containers and the dependency injection pattern},
  author={Fowler, Martin},
  year={2004}
}

@book{gamma1993design,
  title={Design patterns: Abstraction and reuse of object-oriented design},
  author={Gamma, Erich and Helm, Richard and Johnson, Ralph and Vlissides, John},
  year={1993},
  publisher={Springer}
}
